@misc{Dua:2019 ,
author = "Dua, Dheeru and Graff, Casey",
year = "2017",
title = "{UCI} Machine Learning Repository",
url = "http://archive.ics.uci.edu/ml",
institution = "University of California, Irvine, School of Information and Computer Sciences" }

@misc{fehrman2017factor,
      title={The Five Factor Model of personality and evaluation of drug consumption risk}, 
      author={E. Fehrman and A. K. Muhammad and E. M. Mirkes and V. Egan and A. N. Gorban},
      year={2017},
      eprint={1506.06297},
      archivePrefix={arXiv},
      primaryClass={stat.AP}
}

@book{ASHTON201327,
title = {Chapter 2 - Personality Traits and the Inventories that Measure Them},
editor = {Michael C. Ashton},
booktitle = {Individual Differences and Personality (Second Edition)},
publisher = {Academic Press},
edition = {Second Edition},
address = {San Diego},
pages = {27-55},
year = {2013},
isbn = {978-0-12-416009-5},
doi = {https://doi.org/10.1016/B978-0-12-416009-5.00002-5},
url = {https://www.sciencedirect.com/science/article/pii/B9780124160095000025},
author = {Michael C. Ashton},
keywords = {Personality trait, altruistic behaviour, self-reports, observer reports, structured personality inventories, reverse-coded items, grade point average, factor analysis.}
}

@book{HASTIE2001,
title = {The elements of statistical learning: Data mining, inference, and prediction : with 200 full-color illustrations. New York: Springer.},
booktitle = {The elements of statistical learning: Data mining, inference, and prediction : with 200 full-color illustrations. New York: Springer.},
publisher = {New York : Springer},
edition = {Second Edition},
address = {New York},
year = {2001},
isbn = {0387952845 9780387952840},
url = {https://www.worldcat.org/title/elements-of-statistical-learning-data-mining-inference-and-prediction-with-200-full-color-illustrations/oclc/46809224},
author = {Hastie, T., Tibshirani, R., & Friedman, J. H.},
}
